@article{efron1975efficiency,
  title={The efficiency of logistic regression compared to normal discriminant analysis},
  author={Efron, Bradley},
  journal={Journal of the American Statistical Association},
  volume={70},
  number={352},
  pages={892--898},
  year={1975},
  publisher={Taylor \& Francis Group}
}
@inproceedings{malouf2002comparison,
  title={A comparison of algorithms for maximum entropy parameter estimation},
  author={Malouf, Robert and others},
  booktitle={Proceedings of the sixth conference on natural language learning (CoNLL-2002)},
  pages={49--55},
  year={2002}
}
@article{bro2003centering,
  title={Centering and scaling in component analysis},
  author={Bro, Rasmus and Smilde, Age K},
  journal={Journal of Chemometrics},
  volume={17},
  number={1},
  pages={16--33},
  year={2003},
  publisher={Wiley Online Library}
}
@article{babyak2004you,
  title={What you see may not be what you get: a brief, nontechnical introduction to overfitting in regression-type models},
  author={Babyak, Michael A},
  journal={Psychosomatic medicine},
  volume={66},
  number={3},
  pages={411--421},
  year={2004},
  publisher={Am Psychosomatic Soc}
}
@inproceedings{ng2004feature,
  title={Feature selection, L 1 vs. L 2 regularization, and rotational invariance},
  author={Ng, Andrew Y},
  booktitle={Proceedings of the twenty-first international conference on Machine learning},
  pages={78},
  year={2004},
  organization={ACM}
}
@ONLINE{settingHyperparameters,
author = {Leon Bottou},
title = {Stochastic Gradient Descent (version 2)},
month = Jan,
year = {2014},
url = {http://leon.bottou.org/projects/sgd}
}
@ONLINE{lbfgsMatlabImpl,
author = {Mark Schmidt},
title = {MATLAB minFunc Implementation},
month = Jan,
year = {2014},
url = {http://www.di.ens.fr/~mschmidt/Software/minFunc.html}
}
@ONLINE{mpComp,
author = {},
title = {ML Comp Gender Recognition Dataset},
month = Jan,
year = {2014},
url = {http://mlcomp.org/datasets/1571}
}